<?xml version="1.0" encoding="UTF-8"?><collection xmlns="http://www.loc.gov/MARC21/slim"><record><leader>00458nam--2200181-i-4500</leader><controlfield tag="001">000036032</controlfield><controlfield tag="002">20161230</controlfield><controlfield tag="005">20161230201040</controlfield><controlfield tag="008">060222s1000------------r-----000-0-eng-d</controlfield><datafield ind1=" " ind2=" " tag="040"><subfield code="a">IFIN-HH</subfield></datafield><datafield ind1=" " ind2=" " tag="080"><subfield code="a">531.3</subfield></datafield><datafield ind1="1" ind2=" " tag="100"><subfield code="a">Olson, Harry F</subfield></datafield><datafield ind1="1" ind2="0" tag="245"><subfield code="a">Dynammical analogies</subfield><subfield code="c">Harry F. Olson</subfield></datafield><datafield ind1=" " ind2=" " tag="250"><subfield code="a">Second Edition</subfield></datafield><datafield ind1=" " ind2=" " tag="260"><subfield code="a">Princetion, D.Van Nostrand Co.Inc., 1958</subfield></datafield><datafield ind1=" " ind2=" " tag="300"><subfield code="a">XI + 278P</subfield></datafield><datafield ind1=" " ind2=" " tag="852"><subfield code="a">15468</subfield><subfield code="c">531</subfield></datafield><datafield ind1=" " ind2=" " tag="CAT"><subfield code="a">Sys</subfield><subfield code="c">20100622</subfield><subfield code="h">132213</subfield></datafield></record></collection>